<record><leader>00000cas a22000007a 4500</leader><controlfield tag="001">17730243</controlfield><controlfield tag="008">880404d19061909laudn ne      0    0eng d</controlfield><datafield ind1=" " ind2=" " tag="010"><subfield code="a">sn 88064307 </subfield></datafield><datafield ind1=" " ind2=" " tag="040"><subfield code="a">LNP</subfield><subfield code="b">eng</subfield><subfield code="c">LNP</subfield><subfield code="d">OCLCQ</subfield><subfield code="d">DLC</subfield></datafield><datafield ind1=" " ind2=" " tag="042"><subfield code="a">msc</subfield></datafield><datafield ind1="0" ind2="0" tag="245"><subfield code="a">Daily enterprise-leader.</subfield></datafield><datafield ind1=" " ind2=" " tag="260"><subfield code="a">New Iberia, La. :</subfield><subfield code="b">Enterprise-Leader Pub. Co.</subfield></datafield><datafield ind1=" " ind2=" " tag="310"><subfield code="a">Daily (except Sun.)</subfield></datafield><datafield ind1="0" ind2=" " tag="362"><subfield code="a">Vol. 2, no. 15 (June 4, 1906)-v. 5, no. 192 (Nov. 27, 1909).</subfield></datafield><datafield ind1=" " ind2=" " tag="752"><subfield code="a">United States</subfield><subfield code="b">Louisiana</subfield><subfield code="c">Iberia</subfield><subfield code="d">New Iberia.</subfield></datafield><datafield ind1="0" ind2="0" tag="780"><subfield code="t">Daily leader (New Iberia, La.)</subfield><subfield code="w">(DLC)sn 88064306</subfield></datafield><datafield ind1="1" ind2=" " tag="787"><subfield code="t">New Iberia enterprise and independent observer</subfield><subfield code="x">2377-8199</subfield><subfield code="w">(DLC)sn 88064328</subfield><subfield code="w">(OCoLC)17807784</subfield></datafield></record>